=LDR  05732cas a22011417a 4500
=001  013213669
=003  Uk
=005  20221231144621.0
=007  ta
=008  050606c20009999gw\mr\p\\\\\\\0\\\b0ger\\
=022  \\$a1616-2455
=040  \\$aUk$cUk$dUk
=082  04$a159.9
=222  \0$aDNP. Der Neurologe & Psychiater.
=245  04$aDer Neurologe & Psychiater :$bDNP ; die Fortbildungszeitschrift für Kliniker und niedergelassene Neurologen, Psychiater und Nervenärzte.
=260  \\$aMünchen :$bMED.KOMM. Verlag für medizinische Kommunikation,$c2000-
=300  \\$av. ;$c28 cm.
=336  \\$atext$2rdacontent
=337  \\$aunmediated$2rdamedia
=338  \\$avolume$2rdacarrier
=362  0\$a2000-2006; 8.2007-
=540  \\$aCurrent copyright fee: GBP29.95$c22\1$5Uk
=595  \\$aSEE CARD INDEX
=650  \0$aNeurology$vPeriodicals.
=650  \0$aPsychiatry$vPeriodicals.
=776  0\$tDNP. Der Neurologe & Psychiater (Internet)$x2196-6427
=780  00$tNeuro (München)$x1435-0009
=856  \\$31850-9999$uhttp://www.springer.com/gb/$xBLDSS
=945  \\$aNeurolge und psychiater
=979  \\$aBritish Library$bDSC$j6081.374500N$xDSC Not Selected
=ACF  \\$aPrevious Copyright Fee: GBP22.00$c0$e01-jan-2012$fGBP22.00$g0$hC$5Uk
=ACF  \\$aPrevious Copyright Fee: GBP22.00$c0$e01-oct-2011$fGBP22.00$g0$hC$5Uk
=ACF  \\$aPrevious copyright fee: GBP10.50$c0$e01-jan-2011$fGBP10.50$g0$hA$5Uk
=ACF  \\$aPrevious Copyright Fee: GBP24.29$c0$e01-jul-2009$fGBP24.29$g0$hC$5Uk
=ACF  \\$aPrevious Copyright Fee: GBP24.29$c0$e01-apr-2009$fGBP24.29$g0$hC$5Uk
=ACF  \\$aPrevious Copyright Fee: GBP20.00$c0$e01-jan-2009$fGBP20.00$g0$hC$5Uk
=ACF  \\$aPrevious Copyright Fee: GBP16.00$c0$e01-oct-2008$fGBP16.00$g0$hC$5Uk
=ACF  \\$aPrevious Copyright Fee: GBP16.00$c0$e01-jul-2008$fGBP16.00$g0$hC$5Uk
=ACF  \\$aPrevious Copyright Fee: GBP16.00$c0$e01-apr-2008$fGBP16.00$g0$hC$5Uk
=ACF  \\$aPrevious Copyright Fee: GBP16.00$c0$e01-jan-2008$fGBP16.00$g0$hC$5Uk
=ACF  \\$aPrevious Copyright Fee: GBP16.00$c0$e01-oct-2007$fGBP16.00$g0$hC$5Uk
=ACF  \\$aPrevious Copyright Fee: GBP16.00$c0$e01-jul-2007$fGBP16.00$g0$hC$5Uk
=ACF  \\$aPrevious Copyright Fee: GBP16.41$c0$e01-apr-2007$fGBP16.41$g0$hC$5Uk
=ACF  \\$aPrevious Copyright Fee: GBP16.22$c0$e01-jan-2007$fGBP16.22$g0$hC$5Uk
=ACF  \\$aPrevious Copyright Fee: GBP16.22$c0$e01-oct-2006$fGBP16.22$g0$hC$5Uk
=ACF  \\$aPrevious Copyright Fee: GBP17.14$c0$e01-jul-2006$fGBP17.14$g0$hC$5Uk
=ACF  \\$aPrevious Copyright Fee: GBP17.14$c0$e01-apr-2006$fGBP17.14$g0$hC$5Uk
=ACF  \\$aPrevious Copyright Fee: GBP16.67$c0$e01-jan-2006$fGBP16.67$g0$hC$5Uk
=ACF  \\$aPrevious Copyright Fee: GBP16.22$c0$e01-oct-2005$fGBP16.22$g0$hC$5Uk
=ACF  \\$aPrevious copyright fee: GBP5.00$c0$e06-jun-2005$fGBP5.00$g0$hA$5Uk
=ACF  \\$aPrevious Copyright Fee: GBP22.00$c22\3$e20-jan-2012$fGBP22.00$g0$hP$5Uk
=ACF  \\$aPrevious copyright fee: GBP22.00$c22\3$e12-aug-2012$fGBP22.00$g0$hP$5Uk
=ACF  \\$aPrevious copyright fee: GBP25.00$c22\3$e01-jan-2013$fGBP25.00$g0$hP$5Uk
=ACF  \\$aPrevious copyright fee: GBP25.77$c22\3$e01-jul-2013$fGBP25.77$g0$hP$5Uk
=ACF  \\$aPrevious copyright fee: GBP24.97$c22\3$e01-jan-2014$fGBP24.97$g0$hP$5Uk
=ACF  \\$aPrevious copyright fee: GBP24.21$c22\3$e01-jul-2014$fGBP24.21$g0$hP$5Uk
=ACF  \\$aPrevious copyright fee: GBP25.77$c22\3$e01-apr-2015$fGBP25.77$g0$hP$5Uk
=ACF  \\$aPrevious copyright fee: GBP26.63$c22\3$e01-jul-2015$fGBP26.63$g0$hP$5Uk
=ACF  \\$aPrevious copyright fee: GBP25.77$c22\3$e01-oct-2015$fGBP25.77$g0$hP$5Uk
=ACF  \\$aPrevious copyright fee: GBP27.55$c22\3$e01-apr-2016$fGBP27.55$g0$hP$5Uk
=ACF  \\$aPrevious copyright fee: GBP29.59$c22\3$e01-oct-2016$fGBP29.59$g0$hP$5Uk
=ACF  \\$aPrevious copyright fee: GBP31.96$c22\3$e01-apr-2017$fGBP31.96$g0$hP$5Uk
=ACF  \\$aPrevious copyright fee: GBP30.73$c22\3$e01-oct-2017$fGBP30.73$g0$hP$5Uk
=ACF  \\$aPrevious copyright fee: GBP28.54$c22\3$e01-apr-2018$fGBP28.54$g0$hP$5Uk
=CAT  \\$a5473$b40$c20050606$lBLL01$h1209
=CAT  \\$aBATCH-UPD$b00$c20150219$lBLL01$h1742
=CAT  \\$a8874$b40$c20150227$lBLL01$h1113
=CAT  \\$aIPL-CLA$c20150331$lBLL01$h1640
=CAT  \\$aBATCH-UPD$b00$c20150520$lBLL01$h1750
=CAT  \\$aIPL-CLA$c20150630$lBLL01$h1647
=CAT  \\$aBATCH-UPD$b00$c20150820$lBLL01$h1837
=CAT  \\$aIPL-CLA$c20150930$lBLL01$h1808
=CAT  \\$aBATCH-UPD$b00$c20160217$lBLL01$h1727
=CAT  \\$aIPL-CLA$c20160331$lBLL01$h1729
=CAT  \\$aBATCH-UPD$b00$c20160413$lBLL01$h1819
=CAT  \\$aBATCH-UPD$b00$c20160524$lBLL01$h2210
=CAT  \\$aBATCH-UPD$b00$c20160525$lBLL01$h0022
=CAT  \\$aBATCH-UPD$b00$c20160824$lBLL01$h1755
=CAT  \\$aIPL-CLA$c20160930$lBLL01$h1604
=CAT  \\$a5410$b40$c20161230$lBLL01$h1035
=CAT  \\$aBATCH-UPD$b40$c20170216$lBLL01$h1843
=CAT  \\$aIPL-CLA$c20170331$lBLL01$h1845
=CAT  \\$aBATCH-UPD$b00$c20170904$lBLL01$h1852
=CAT  \\$aIPL-CLA$c20170929$lBLL01$h1730
=CAT  \\$aBATCH-UPD$b00$c20180223$lBLL01$h1720
=CAT  \\$aIPL-CLA$c20180331$lBLL01$h1621
=CAT  \\$aBATCH-UPD$b00$c20180524$lBLL01$h1714
=CAT  \\$aIPL-CLA$c20180630$lBLL01$h1917
=CAT  \\$aBATCH-UPD$b00$c20221121$lBLL01$h1400
=CAT  \\$aIPL-CLA$c20221231$lBLL01$h1446
=CFI  0\$aCurrent copyright fee: GBP29.95$c22\1$e01-jan-2023$fGBP29.95$g0$hP$5Uk
=CFI  2\$aPrevious copyright fee: GBP34.00$c22\1$e01-jul-2018$fGBP34.00$g0$hP$5Uk
=EST  \\$a2
=FFP  \\$aY$bBLDSS-3PM
=FMT  \\$a  SE
=LAS  \\$aIPL-CLA$b00$c20221231$lBLL01$h1446
=TCO  \\$aDEU$bVG WORT$c008
=UNO  \\$aY

