=LDR  03692cas a2200901 a 4500
=001  013350601
=003  Uk
=005  20230511162903.0
=007  ta
=008  051201c20059999ne\fr\p\\\\\\\0\\\a0eng\\
=022  \\$a1574-3330
=040  \\$aUk$beng$cUk$dUk
=082  04$a347.09$222
=222  \0$aAsian international arbitration journal
=245  00$aAsian international arbitration journal.
=246  1\$iCited as:$aAIAJ
=260  \\$aThe Hague :$bKluwer Law International,$c2005-
=300  \\$av. ;$c24 cm.
=310  \\$aSemiannual
=336  \\$atext$2rdacontent
=337  \\$aunmediated$2rdamedia
=338  \\$avolume$2rdacarrier
=362  0\$aVol. 1, no. 1 (2005)-
=500  \\$aTitle from cover.
=530  \\$aAlso issued online.
=540  \\$aCurrent copyright fee: GBP16.13$c34\0$5Uk
=550  \\$a"Published in collaboration with the Singapore International Arbitration Centre."
=595  \\$aSee also card index.
=650  \0$aArbitration (International law)$vPeriodicals.
=710  2\$aSingapore International Arbitration Centre.
=776  1\$tAsian international arbitration journal (Online)$x1875-6549
=856  \\$31850-9999$uhttp://www.nature.com/$xBLDSS
=945  \\$aAsian international arbitration journal
=979  \\$aBritish Library$bDSC$j1742.470300$xDSC Paper Copy Not Selected
=985  \\$aCorrected by MS generated file for WR# 12.018
=ACF  \\$aPrevious copyright fee: GBP10.50$c0$e01-jan-2011$fGBP10.50$g0$hA$5Uk
=ACF  \\$aPrevious copyright fee: GBP9.00$c0$e01-apr-2010$fGBP9.00$g0$hA$5Uk
=ACF  \\$aPrevious copyright fee: GBP6.00$c0$e01-apr-2008$fGBP6.00$g0$hA$5Uk
=ACF  \\$aPrevious copyright fee: GBP5.00$c0$e01-dec-2005$fGBP5.00$g0$hA$5Uk
=CAT  \\$a6738$b40$c20051201$lBLL01$h0849
=CAT  \\$aBATCH-UPD$b00$c20100331$lBLL01$h2337
=CAT  \\$aBATCH-UPD$b00$c20100401$lBLL01$h0255
=CAT  \\$aBATCH$b00$c20100401$lBLL01$h0559
=CAT  \\$aBATCH$b00$c20100401$lBLL01$h1631
=CAT  \\$aBATCH-UPD$b00$c20101124$lBLL01$h1946
=CAT  \\$aBATCH-UPD$b00$c20101125$lBLL01$h1213
=CAT  \\$aIPL-CLA$c20101231$lBLL01$h1517
=CAT  \\$aWR11_203$c20111204$lBLL01$h1510
=CAT  \\$aIPL-CLA$c20111230$lBLL01$h2022
=CAT  \\$aBLSS-CORR$b00$c20120724$lBLL01$h1800
=CAT  \\$a8323$b40$c20120815$lBLL01$h1334
=CAT  \\$aBATCH-CLA$b00$c20121109$lBLL01$h1728
=CAT  \\$aBATCH-CLA$b00$c20130525$lBLL01$h1848
=CAT  \\$a5552$b40$c20130924$lBLL01$h1318
=CAT  \\$a5552$b40$c20130926$lBLL01$h1429
=CAT  \\$a5552$b40$c20131016$lBLL01$h0852
=CAT  \\$aBATCH-CLA$b00$c20140125$lBLL01$h1316
=CAT  \\$aBATCH-CLA$c20140225$lBLL01$h2325
=CAT  \\$a8874$b40$c20140728$lBLL01$h1127
=CAT  \\$a8874$b40$c20140728$lBLL01$h1128
=CAT  \\$aBLDSS-3PM$b00$c20150111$lBLL01$h1521
=CAT  \\$a6550$b40$c20150316$lBLL01$h1044
=CAT  \\$a5552$b40$c20160309$lBLL01$h0833
=CAT  \\$aBATCH-UPD$b40$c20160413$lBLL01$h1820
=CAT  \\$aBATCH-UPD$b40$c20170304$lBLL01$h1203
=CAT  \\$aBATCH-FIX$c20230511$lBLL01$h1629
=CFI  0\$aCurrent copyright fee: GBP16.13$c34\0$e09-mar-2016$fGBP16.13$g0$hP$5Uk
=CFI  1\$aPending copyright fee: GBP17.24$c34\0$e09-mar-2016$fGBP17.24$g0$hP$5Uk
=CFI  2\$aPrevious copyright fee: GBP22.00$c16\0$e01-oct-2010$fGBP22.00$g0$hP$5Uk
=EST  \\$a2
=FFP  \\$aY$bBLDSS-3PM
=FIN  \\$aY$d20140728
=FMT  \\$a  SE
=LAS  \\$aBATCH-FIX$b00$c20230511$lBLL01$h1629
=LKR  \\$aPAR$b013299243$lBLL01$nAsian international arbitration journal (Online)$mAsian international arbitration journal (Print)$r776
=TCO  \\$aNLD$bSTICHTING REPRORECHT$c008
=TOC  \\$aETOC
=UNO  \\$aY

