=LDR  06609cas a2201357 a 4500
=001  005456761
=003  Uk
=005  20220930142228.0
=008  961230d19972008nyuqr\p\\\g\\\0\\\a0eng\d
=010  \\$a97652862$zsn 96002915
=019  c\$a2570658
=022  0\$a2572-5300
=035  \\$a(OCoLC)36141845$z(OCoLC)37399417
=040  \\$aNSD$cNSD$dDLC$dNSD$dDLC$dSLU$dDLC$dNYG$dNSD$dCUS$dCGU$dEYM$dDLC$dNYG$dDLC$dUk
=042  \\$alc$ansdp$aukblsr
=043  \\$an-us---
=050  00$aK7$b.A46
=082  00$a344.73/099$221
=210  0\$aGaming law rev.
=222  \0$aGaming law review
=245  00$aGaming law review.
=260  \\$aLarchmont, NY :$bMary Ann Liebert, Inc.,$cc1997-c2008.
=300  \\$a12 v. :$bill. ;$c28 cm.
=310  \\$aQuarterly
=336  \\$atext$2rdacontent
=337  \\$aunmediated$2rdamedia
=338  \\$avolume$2rdacarrier
=362  0\$aVol. 1, no. 1 (spring 1997)-v. 12, no. 1 (Feb. 2008).
=500  \\$aTitle from cover.
=530  \\$aAlso available by subscription via the World Wide Web.
=540  \\$aCurrent copyright fee: GBP42.50$c18\0$5Uk
=650  \0$aGambling$xLaw and legislation$zUnited States$vPeriodicals.
=650  \0$aGambling$xLaw and legislation$vPeriodicals.
=776  1\$tGaming law review (Online)$x1557-8046
=785  00$tGaming law review and economics$x1097-5349
=856  \\$31850-9999$uhttp://www.liebertpub.com/$xBLDSS
=945  \\$aGaming law review
=979  \\$aBritish Library$bDSC$j4069.175785$xNot selected
=A02  \\$a2570658
=ACF  \\$aPrevious copyright fee: GBP31.88$c18\0$e01-jul-2011$fGBP31.88$g0$hP$5Uk
=ACF  \\$aPrevious copyright fee: GBP32.90$c18\0$e01-jan-2011$fGBP32.90$g0$hP$5Uk
=ACF  \\$aPrevious copyright fee: GBP31.61$c18\0$e01-jul-2010$fGBP31.61$g0$hP$5Uk
=ACF  \\$aPrevious copyright fee: GBP29.70$c18\0$e01-apr-2010$fGBP29.70$g0$hP$5Uk
=ACF  \\$aPrevious copyright fee: GBP26.67$c18\0$e01-oct-2009$fGBP26.67$g0$hP$5Uk
=ACF  \\$aPrevious copyright fee: GBP31.43$c18\0$e01-apr-2009$fGBP31.43$g0$hP$5Uk
=ACF  \\$aPrevious copyright fee: GBP27.50$c18\0$e01-jan-2009$fGBP27.50$g0$hP$5Uk
=ACF  \\$aPrevious copyright fee: GBP22.00$c18\0$e01-jul-2007$fGBP22.00$g0$hP$5Uk
=ACF  \\$aPrevious copyright fee: GBP22.56$c18\0$e01-apr-2007$fGBP22.56$g0$hP$5Uk
=ACF  \\$aPrevious copyright fee: GBP23.79$c18\0$e01-jan-2007$fGBP23.79$g0$hP$5Uk
=ACF  \\$aPrevious copyright fee: GBP22.70$c18\0$e01-oct-2006$fGBP22.70$g0$hP$5Uk
=ACF  \\$aPrevious copyright fee: GBP24.00$c18\0$e01-apr-2006$fGBP24.00$g0$hP$5Uk
=ACF  \\$aPrevious copyright fee: GBP23.33$c18\0$e01-jan-2006$fGBP23.33$g0$hP$5Uk
=ACF  \\$aPrevious copyright fee: GBP22.70$c18\0$e01-apr-2005$fGBP22.70$g0$hP$5Uk
=ACF  \\$aPrevious copyright fee: GBP23.33$c18\0$e01-jan-2005$fGBP23.33$g0$hP$5Uk
=ACF  \\$aPrevious copyright fee: GBP22.70$c18\0$e01-apr-2004$fGBP22.70$g0$hP$5Uk
=ACF  \\$aCurrent copyright fee: GBP24.70$c18\0$e01-jan-2004$fGBP24.70$g0$hP$5Uk
=ACF  \\$aCurrent copyright fee: GBP23.13$c18\0$e01-jan-2003$fGBP23.13$g0$hP$5Uk
=ACF  \\$aPrevious copyright fee: GBP32.90$c18\0$e01-jan-2012$fGBP32.90$g0$hP$5Uk
=ACF  \\$aPrevious copyright fee: GBP30.91$c18\0$e01-jul-2012$fGBP30.91$g0$hP$5Uk
=ACF  \\$aPrevious copyright fee: GBP31.88$c18\0$e01-jan-2013$fGBP31.88$g0$hP$5Uk
=ACF  \\$aPrevious copyright fee: GBP32.90$c18\0$e01-jul-2013$fGBP32.90$g0$hP$5Uk
=ACF  \\$aPrevious copyright fee: GBP31.88$c18\0$e01-jan-2014$fGBP31.88$g0$hP$5Uk
=ACF  \\$aPrevious copyright fee: GBP30.91$c18\0$e01-jul-2014$fGBP30.91$g0$hP$5Uk
=ACF  \\$aPrevious copyright fee: GBP32.90$c18\0$e01-apr-2015$fGBP32.90$g0$hP$5Uk
=ACF  \\$aPrevious copyright fee: GBP34.00$c18\0$e01-jul-2015$fGBP34.00$g0$hP$5Uk
=ACF  \\$aPrevious copyright fee: GBP32.90$c18\0$e01-oct-2015$fGBP32.90$g0$hP$5Uk
=ACF  \\$aPrevious copyright fee: GBP35.17$c18\0$e01-apr-2016$fGBP35.17$g0$hP$5Uk
=ACF  \\$aPrevious copyright fee: GBP37.78$c18\0$e01-oct-2016$fGBP37.78$g0$hP$5Uk
=ACF  \\$aPrevious copyright fee: GBP40.80$c18\0$e01-apr-2017$fGBP40.80$g0$hP$5Uk
=ACF  \\$aPrevious copyright fee: GBP39.23$c18\0$e01-oct-2017$fGBP39.23$g0$hP$5Uk
=ACF  \\$aPrevious copyright fee: GBP36.43$c18\0$e01-apr-2018$fGBP36.43$g0$hP$5Uk
=ACF  \\$aPrevious copyright fee: GBP39.23$c18\0$e01-oct-2018$fGBP39.23$g0$hP$5Uk
=ACF  \\$aPrevious copyright fee: GBP40.80$c18\0$e01-oct-2019$fGBP40.80$g0$hP$5Uk
=ACF  \\$aPrevious copyright fee: GBP39.23$c18\0$e01-apr-2020$fGBP39.23$g0$hP$5Uk
=ACF  \\$aPrevious copyright fee: GBP40.80$c18\0$e01-jul-2020$fGBP40.80$g0$hP$5Uk
=ACF  \\$aPrevious copyright fee: GBP37.78$c18\0$e01-apr-2021$fGBP37.78$g0$hP$5Uk
=ACF  \\$aPrevious copyright fee: GBP36.43$c18\0$e07-jul-2021$fGBP36.43$g0$hP$5Uk
=CAT  \\$aCONV$b00$c20040502$lBLL01$h1101
=CAT  \\$aIPL-CLA$c20170331$lBLL01$h1750
=CAT  \\$aBATCH-UPD$b00$c20170904$lBLL01$h1822
=CAT  \\$aIPL-CLA$c20170929$lBLL01$h1630
=CAT  \\$a8874$b40$c20180215$lBLL01$h1012
=CAT  \\$aBATCH-UPD$b40$c20180223$lBLL01$h1637
=CAT  \\$aIPL-CLA$c20180331$lBLL01$h1518
=CAT  \\$a10969$b40$c20180518$lBLL01$h1805
=CAT  \\$a10969$b40$c20180518$lBLL01$h1806
=CAT  \\$aBATCH-UPD$b40$c20180823$lBLL01$h1922
=CAT  \\$aIPL-CLA$c20180930$lBLL01$h1430
=CAT  \\$a5552$b40$c20181122$lBLL01$h1345
=CAT  \\$aBATCH-UPD$b40$c20190829$lBLL01$h1508
=CAT  \\$aIPL-CLA$c20190930$lBLL01$h1609
=CAT  \\$aBATCH-UPD$b00$c20200219$lBLL01$h1451
=CAT  \\$aIPL-CLA$c20200331$lBLL01$h1544
=CAT  \\$aBATCH-UPD$b00$c20200522$lBLL01$h1440
=CAT  \\$aIPL-CLA$c20200701$lBLL01$h0022
=CAT  \\$aBATCH-UPD$b00$c20210226$lBLL01$h1021
=CAT  \\$aIPL-CLA$c20210331$lBLL01$h1654
=CAT  \\$aBATCH-UPD$b00$c20210707$lBLL01$h1545
=CAT  \\$aIPL-CLA$c20210707$lBLL01$h1841
=CAT  \\$aBATCH-UPD$b00$c20220520$lBLL01$h1621
=CAT  \\$aIPL-CLA$c20220630$lBLL01$h1532
=CAT  \\$aBATCH-UPD$b00$c20220824$lBLL01$h0849
=CAT  \\$aIPL-CLA$c20220930$lBLL01$h1422
=CFI  0\$aCurrent copyright fee: GBP42.50$c18\0$e01-oct-2022$fGBP42.50$g0$hP$5Uk
=CFI  2\$aPrevious copyright fee: GBP40.80$c18\0$e01-jul-2022$fGBP40.80$g0$hP$5Uk
=EST  \\$a2
=FFP  \\$aY$bBLDSS-3PM
=FIN  \\$aY
=FMT  \\$a  SE
=LAS  \\$aIPL-CLA$b00$c20220930$lBLL01$h1422
=LEO  \\$aMP10.0000242559
=SID  \\$aZ39$bOCLC
=SRC  \\$aDSS01$bbibmp10.200404.2.aa
=TCO  \\$aTRS$bCCC$c008
=TOC  \\$aETOC
=UNO  \\$aY

