=LDR  04939cas a2201093ua 4500
=001  005467296
=003  Uk
=005  20221231143122.0
=007  ta
=008  040409c19999999gw\mr\p\\\\\\\0\\\b0ger\\
=019  c\$a2590547
=022  0\$a1437-062X
=040  \\$aUk$cUk$dUk
=082  04$a616.8$221
=222  \0$aInFo Neurologie & Psychiatrie
=245  00$aInFo Neurologie & Psychiatrie.
=260  \\$aMünchen :$bSpringer Medizin,$c1999-
=300  \\$av. ;$c29 cm.
=310  \\$aMonthly
=336  \\$atext$2rdacontent
=337  \\$aunmediated$2rdamedia
=338  \\$avolume$2rdacarrier
=362  0\$aJg. 1, Nr. 1 (1999)-
=540  \\$aCurrent copyright fee: GBP29.95$c22\1$5Uk
=595  \\$aSEE CARD INDEX.
=776  0\$tInFo Neurologie & Psychiatrie (München. Internet)$x2195-5166
=856  \\$31850-9999$uhttp://www.springer.com/gb/$xBLDSS
=945  \\$aInFo Neurologie und Psychiatrie.
=959  \\$fHeld but not currently received
=979  \\$aBritish Library$bDSC$j4478.876807N
=985  \\$aCorrected by BSS-generated file for WR# 10/166
=A02  \\$a2590547
=ACF  \\$aPrevious copyright fee: GBP21.25$c23\8$e01-jan-2009$fGBP21.25$g0$hP$5Uk
=ACF  \\$aPrevious copyright fee: GBP16.75$c23\8$e01-jan-2007$fGBP16.75$g0$hP$5Uk
=ACF  \\$aPrevious copyright fee: GBP16.22$c23\8$e01-oct-2006$fGBP16.22$g0$hP$5Uk
=ACF  \\$aPrevious copyright fee: GBP17.14$c23\8$e01-apr-2006$fGBP17.14$g0$hP$5Uk
=ACF  \\$aPrevious copyright fee: GBP16.67$c23\8$e01-jan-2006$fGBP16.67$g0$hP$5Uk
=ACF  \\$aPrevious copyright fee: GBP16.22$c23\8$e01-apr-2005$fGBP16.22$g0$hP$5Uk
=ACF  \\$aPrevious copyright fee: GBP16.67$c23\8$e01-jan-2005$fGBP16.67$g0$hP$5Uk
=ACF  \\$aPrevious copyright fee: GBP18.92$c23\8$e01-apr-2004$fGBP18.92$g0$hP$5Uk
=ACF  \\$aCurrent copyright fee: GBP20.58$c23\8$e01-jan-2004$fGBP20.58$g0$hP$5Uk
=ACF  \\$aCurrent copyright fee: GBP20.00$c23\8$e01-jan-2003$fGBP20.00$g0$hP$5Uk
=ACF  \\$aPrevious copyright fee: GBP22.00$c23\8$e01-apr-2009$fGBP22.00$g0$hP$5Uk
=ACF  \\$aPrevious copyright fee: GBP22.00$c23\8$e12-aug-2012$fGBP22.00$g0$hP$5Uk
=ACF  \\$aPrevious copyright fee: GBP25.00$c23\8$e01-jan-2013$fGBP25.00$g0$hP$5Uk
=ACF  \\$aPrevious copyright fee: GBP25.77$c23\8$e01-jul-2013$fGBP25.77$g0$hP$5Uk
=ACF  \\$aPrevious copyright fee: GBP24.97$c23\8$e01-jan-2014$fGBP24.97$g0$hP$5Uk
=ACF  \\$aPrevious copyright fee: GBP24.21$c23\8$e01-jul-2014$fGBP24.21$g0$hP$5Uk
=ACF  \\$aPrevious copyright fee: GBP25.77$c23\8$e01-apr-2015$fGBP25.77$g0$hP$5Uk
=ACF  \\$aPrevious copyright fee: GBP26.63$c23\8$e01-jul-2015$fGBP26.63$g0$hP$5Uk
=ACF  \\$aPrevious copyright fee: GBP25.77$c23\8$e01-oct-2015$fGBP25.77$g0$hP$5Uk
=ACF  \\$aPrevious copyright fee: GBP27.55$c23\8$e01-apr-2016$fGBP27.55$g0$hP$5Uk
=ACF  \\$aPrevious copyright fee: GBP29.59$c23\8$e01-oct-2016$fGBP29.59$g0$hP$5Uk
=ACF  \\$aPrevious copyright fee: GBP31.96$c23\8$e01-apr-2017$fGBP31.96$g0$hP$5Uk
=ACF  \\$aPrevious copyright fee: GBP30.73$c23\8$e01-oct-2017$fGBP30.73$g0$hP$5Uk
=ACF  \\$aPrevious copyright fee: GBP28.54$c23\8$e01-apr-2018$fGBP28.54$g0$hP$5Uk
=CAT  \\$aCONV$b00$c20040502$lBLL01$h1101
=CAT  \\$a8874$b40$c20150227$lBLL01$h1059
=CAT  \\$aIPL-CLA$c20150331$lBLL01$h1517
=CAT  \\$aBATCH-UPD$b00$c20150520$lBLL01$h1811
=CAT  \\$aIPL-CLA$c20150630$lBLL01$h1602
=CAT  \\$aBATCH-UPD$b00$c20150820$lBLL01$h1855
=CAT  \\$aIPL-CLA$c20150930$lBLL01$h1647
=CAT  \\$aBATCH-UPD$b00$c20160217$lBLL01$h1749
=CAT  \\$aIPL-CLA$c20160331$lBLL01$h1600
=CAT  \\$aBATCH-UPD$b00$c20160413$lBLL01$h1759
=CAT  \\$aBATCH-UPD$b00$c20160524$lBLL01$h2201
=CAT  \\$aBATCH-UPD$b00$c20160524$lBLL01$h2308
=CAT  \\$aBATCH-UPD$b00$c20160824$lBLL01$h1816
=CAT  \\$aIPL-CLA$c20160930$lBLL01$h1503
=CAT  \\$a5410$b40$c20161230$lBLL01$h1039
=CAT  \\$aBATCH-UPD$b40$c20170216$lBLL01$h1905
=CAT  \\$aIPL-CLA$c20170331$lBLL01$h1750
=CAT  \\$aBATCH-UPD$b00$c20170904$lBLL01$h1916
=CAT  \\$aIPL-CLA$c20170929$lBLL01$h1630
=CAT  \\$aBATCH-UPD$b00$c20180223$lBLL01$h1748
=CAT  \\$aIPL-CLA$c20180331$lBLL01$h1519
=CAT  \\$aBATCH-UPD$b00$c20180524$lBLL01$h1733
=CAT  \\$aIPL-CLA$c20180630$lBLL01$h1850
=CAT  \\$a5410$b40$c20191107$lBLL01$h0854
=CAT  \\$aBATCH-UPD$b40$c20221121$lBLL01$h1352
=CAT  \\$aIPL-CLA$c20221231$lBLL01$h1431
=CFI  0\$aCurrent copyright fee: GBP29.95$c22\1$e01-jan-2023$fGBP29.95$g0$hP$5Uk
=CFI  2\$aPrevious copyright fee: GBP34.00$c22\1$e01-jul-2018$fGBP34.00$g0$hP$5Uk
=EST  \\$a2
=FFP  \\$aY$bBLDSS-3PM
=FIN  \\$aY
=FMT  \\$a  SE
=LAS  \\$aIPL-CLA$b00$c20221231$lBLL01$h1431
=LEO  \\$aMP10.0000283854
=SRC  \\$aDSS01$bbibmp10.200404.2.aa
=TCO  \\$aDEU$bVG WORT$c008
=TOC  \\$aETOC
=UNO  \\$aY

